@online{resolving_deadlock,
  author = {kudvenkat},
  title = {How to resolve a deadlock in a multithreaded program},
  year = {2015},
  url = {https://www.youtube.com/watch?v=px4bXKYb2-Y},
  urldate = {2025-02-28}
}

@online{deadlock_in_multithreaded,
  author = {kudvenkat},
  title = {Deadlock in a multithreaded program},
  year = {2015},
  url = {https://www.youtube.com/watch?v=PMCyZLYVODI},
  urldate = {2025-02-28}
}

@online{stackoverflow_mutex,
  author = {Stack Overflow},
  title = {C++ mutex in namespace std does not name a type},
  year = {2013},
  url = {https://stackoverflow.com/questions/14191566/c-mutex-in-namespace-std-does-not-name-a-type},
  urldate = {2025-02-28}
}

@online{gcc_ubuntu,
  author = {Vladimir Kaplarevic},
  title = {How to Install GCC on Ubuntu},
  year = {2025},
  url = {https://phoenixnap.com/kb/install-gcc-ubuntu},
  urldate = {2025-02-28}
}

@online{linux_cd,
  author = {Vladimir Kaplarevic},
  title = {cd Command: How to Change Directory in Linux},
  year = {2023},
  url = {https://phoenixnap.com/kb/linux-cd-command},
  urldate = {2025-02-28}
}

@online{ipc_cpp,
  author = {Bien Dang},
  title = {Inter-Process Communication (IPC) in C++},
  year = {2021},
  url = {https://biendltb.github.io/tech/inter-process-communication-ipc-in-cpp/},
  urldate = {2025-02-28}
}

@online{cpp_random,
  author = {cppreference.com},
  title = {std::uniform\_int\_distribution},
  url = {https://en.cppreference.com/w/cpp/numeric/random/uniform_int_distribution},
  urldate = {2025-02-28}
}

@online{mike_shah,
  author = {Mike Shah},
  title = {Mike Shah's C++ Tutorials},
  url = {https://www.youtube.com/@MikeShah},
  urldate = {2025-02-28}
}

@online{exit_status,
  author = {GeeksforGeeks},
  title = {Exit Status of Child Process in Linux},
  url = {https://www.geeksforgeeks.org/exit-status-child-process-linux/},
  urldate = {2025-02-28}
}

@online{move_constructors,
  author = {GeeksforGeeks},
  title = {Move Constructors in C++ with Examples},
  url = {https://www.geeksforgeeks.org/move-constructors-in-c-with-examples/},
  urldate = {2025-02-28}
}

@online{cpp11_faq,
  author = {Bjarne Stroustrup},
  title = {C++11 FAQ},
  url = {https://www.stroustrup.com/C++11FAQ.html#default},
  urldate = {2025-02-28}
} 

@online{microsoft_wsl_install,
  author = {{Microsoft}},
  title = {How to install Linux on Windows with WSL},
  year = {2024},
  month = {11},
  day = {19},
  url = {https://learn.microsoft.com/en-us/windows/wsl/install},
  urldate = {2024-11-19},
  organization = {Microsoft},
}

@online{cpp_chrono,
  author = {cppreference.com},
  title = {std::chrono - C++ Reference},
  url = {https://en.cppreference.com/w/cpp/chrono},
  urldate = {2025-02-28},
}

@online{cpp_thread,
  author = {cppreference.com},
  title = {std::thread - C++ Reference},
  url = {https://en.cppreference.com/w/cpp/thread/thread},
  urldate = {2025-02-28},
}

@online{cpp_mutex,
  author = {cppreference.com},
  title = {std::mutex - C++ Reference},
  url = {https://en.cppreference.com/w/cpp/thread/mutex},
  urldate = {2025-02-28},
}

@online{cpp_lock_guard,
  author = {cppreference.com},
  title = {std::lock\_guard - C++ Reference},
  url = {https://en.cppreference.com/w/cpp/thread/lock_guard},
  urldate = {2025-02-28},
}

@online{cpp_raii,
  author = {cppreference.com},
  title = {RAII - C++ Reference},
  url = {https://en.cppreference.com/w/cpp/language/raii},
  urldate = {2025-02-28},
}

@online{posix_pipe,
  author = {The Open Group},
  title = {pipe - create an interprocess channel},
  year = {2018},
  url = {https://pubs.opengroup.org/onlinepubs/9699919799/functions/pipe.html},
  urldate = {2025-02-28},
}

@online{posix_fork,
  author = {The Open Group},
  title = {fork - create a new process},
  year = {2018},
  url = {https://pubs.opengroup.org/onlinepubs/9699919799/functions/fork.html},
  urldate = {2025-02-28},
} 

@online{studyraid_deadlock,
  author = {StudyRaid},
  title = {Deadlock Prevention Strategies},
  url = {https://app.studyraid.com/en/read/12311/397219/deadlock-prevention-strategies},
  urldate = {\today},
  organization = {StudyRaid},
} 